@article{Adams,
   author = {M.L. Adams},
   journal = {Annals of Nuclear Energy},
   month = {11},
   pages = {1963-1986},
   title = {"I have an idea!" {A}n appreciation of {E}dward {W}. {L}arsen's contributions to particle transport},
   volume = {31(17)},
   year = {2004},
}
@article{McClarren,
   author = {R.G. McClarren},
   journal = {Transport Theory and Statistical Physics},
   pages = {73-109},
   title = {Theoretical aspects of the {S}implified {{P}$_n$} equations},
   volume = {39},
   year = {2011},
}

@online{openmoc,
author = {{MIT CRPG}},
title  = {Open{M}{O}{C} website: {C}oarse {M}esh {F}inite {D}ifference {A}cceleration},
date   = {2023-01},
url    = {https://mit-crpg.github.io/OpenMOC/methods/cmfd.html}
}